@book{Popov2010contact,
  title={Contact Mechanics and Friction: Physical Principles and Applications},
  author={Popov, V.},
  isbn={9783642108037},
  lccn={2010921669},
  year={2010},
  publisher={Springer Berlin Heidelberg}
}

@book{Rawlings2009mpc,
    title={Model Predictive Control: Theory and Design},
    author={Rawlings, James B. and Mayne, David Q.},
    year={2009},
    publisher={Nob Hill Publishing},
}

@book{Nocedal2006numopt,
    title={Numerical Optimization},
    author={Nocedal, J. and Wright, S.J.},
    series={Springer Series in Operations Research and Financial Engineering},
    year={2006},
    publisher={Springer},
    edition={Second}
}

@book{Boyd2004conopt,
    author = {Boyd, S. and Vandenberghe, L.},
    title = {Convex Optimization},
    year = {2004},
    publisher = {Cambridge University Press},
    address = {New York, NY, USA},
}

@book{Maciejowski2002mpc,
    author = {Maciejowski, J. M.},
    publisher = {Prentice-Hall},
    title = {Predictive Control with Constraints},
    year = {2002},
}

@book{Golub1996matrix,
    title={Matrix Computations},
    author={Golub, G.H. and Van Loan, C.F.},
    series={Johns Hopkins Studies in the Mathematical Sciences},
    year={1996},
    publisher={Johns Hopkins University Press}
}

@book{Rossiter2003mpc,
    title={Model-Based Predictive Control: A Practical Approach},
    author={Rossiter, J.A.},
    series={CRC Press control series},
    year={2003},
    publisher={Taylor \& Francis}
}

@book{Aubin2011viability,
  TITLE = {{Viability Theory: New Directions}},
  AUTHOR = {Aubin, Jean-Pierre and Bayen, Alexandre and Saint-Pierre, Patrick},
  PUBLISHER = {{Springer}},
  PAGES = {830},
  YEAR = {2011},
}

@book{Westervelt2007locomotion,
    author = {Eric R. Westervelt and Christine Chevallereau and Benjamin Morris and Jessy W. Grizzle and Jun Ho Choi},
    title = {Feedback Control of Dynamic Bipedal Robot Locomotion},
    publisher = {CRC Press},
    year = {2007},
}

@book{Murray1994mathematical,
  title={A Mathematical Introduction to Robotic Manipulation},
  author={Murray, R.M. and Li, Z. and Sastry, S.S.},
  isbn={9780849379819},
  lccn={93033167},
  year={1994},
  publisher={Taylor \& Francis}
}

@book{Sontag1998control,
  title={Mathematical control theory: deterministic finite dimensional systems},
  author={Sontag, Eduardo D},
  volume={6},
  year={1998},
  publisher={Springer Science \& Business Media}
}

@book{LaValle2006planning,
  title={Planning Algorithms},
  author={LaValle, S.M.},
  year={2006},
  publisher={Cambridge University Press}
}

@unpublished{Borrelli2015mpc,
  TITLE = {Predictive Control for linear and hybrid systems},
  AUTHOR = {Borrelli, F. and Bemporad, A. and Morari M.},
  YEAR = {2015},
}

@book{Blanchini2008sets,
  title={Set-Theoretic Methods in Control},
  author={Blanchini, Franco and Miani, Stefano},
  year={2008},
  publisher={Springer International Publishing}
}

@book{Yamane2004figures,
 author = {Yamane, Katsu},
 title = {Simulating and Generating Motions of Human Figures (Springer Tracts in Advanced Robotics, V. 9)},
 year = {2004},
 isbn = {3540203176},
 publisher = {SpringerVerlag},
}

@book{Siciliano2010robotics,
  title={Robotics: Modelling, Planning and Control},
  author={Siciliano, B. and Sciavicco, L. and Villani, L. and Oriolo, G.},
  isbn={9781846286414},
  series={Advanced Textbooks in Control and Signal Processing},
  year={2009},
  publisher={Springer London}
}

@book{Samson1991robot,
  title={Robot control: the task function approach},
  author={Samson, C. and Borgne, M.L. and Espiau, B.},
  isbn={9780198538059},
  lccn={90036440},
  series={Oxford engineering science series},
  year={1991},
  publisher={Clarendon Press}
}

@book{Scheinerman1996ids,
  title={Invitation to Dynamical Systems},
  author={Scheinerman, E.R.},
  year={1996},
  publisher={Prentice Hall}
}

@book{BaoCang2010mpc,
  title={Modern Predictive COntrol},
  author={Ding Bao-Cang},
  year={2010},
  publisher={CRC Press}
}

@INPROCEEDINGS{Sherikov2014humanoids,
    author={Sherikov, A. and Dimitrov, D. and Wieber, P.-B.},
    booktitle={Humanoid Robots (Humanoids), 2014 14th IEEE-RAS International Conference on},
    title={Whole body motion controller with long-term balance constraints},
    year={2014},
    month={Nov},
    pages={444-450},
    keywords={collision avoidance;humanoid robots;mobile robots;motion control;balance preservation constraint;head motion;humanoid robot;long-term balance constraint;motion plan;obstacle avoidance;planning stage;real-time control;whole body motion controller;whole body walking motion;wrist position;Acceleration;Foot;Joints;Legged locomotion;Robot kinematics;Vectors},
    doi={10.1109/HUMANOIDS.2014.7041399},
}

@INPROCEEDINGS{Sherikov2015humanoids,
    author={Sherikov, A. and Dimitrov, D. and Wieber, P.-B.},
    booktitle={Humanoid Robots (Humanoids), 2015 15th IEEE-RAS International Conference on},
    title={Balancing a humanoid robot with a prioritized contact force distribution},
    year={2015},
    month={Nov},
}

@INPROCEEDINGS{Brasseur2015humanoids,
    author={Brasseur, C. and Sherikov, A. and Collette, C. and Dimitrov, D. and Wieber, P.-B.},
    booktitle={Humanoid Robots (Humanoids), 2015 15th IEEE-RAS International Conference on},
    title={A robust linear MPC approach to online generation of 3D biped walking motion},
    year={2015},
    month={Nov},
}

@INPROCEEDINGS{Kajita2003icra,
    author={Kajita, S. and Kanehiro, F. and Kaneko, K. and Fujiwara, K. and Harada, K. and Yokoi, K. and Hirukawa, H.},
    booktitle={Robotics and Automation, 2003. Proceedings. ICRA '03. IEEE International Conference on},
    title={Biped walking pattern generation by using preview control of zero-moment point},
    year={2003},
    month={Sept},
    volume={2},
    pages={1620-1626 vol.2},
    keywords={control system synthesis;error compensation;legged locomotion;predictive control;robot dynamics;servomechanisms;biped robot dynamics;biped walking pattern generation;error compensation;preview control theory;preview controller;tracking servo controller design;walking simulation;zero moment point;Centralized control;Control systems;Control theory;Foot;Humanoid robots;Industrial control;Legged locomotion;Servomechanisms;Spirals;Weight control},
    doi={10.1109/ROBOT.2003.1241826},
    ISSN={1050-4729},
}

@inproceedings{Wieber2006humanoids,
    title = {{Trajectory Free Linear Model Predictive Control for Stable Walking in the Presence of Strong Perturbations}},
    author = {Wieber, Pierre-Brice},
    booktitle = {{IEEE-RAS International Conference on Humanoid Robots}},
    address = {Genova, Italie},
    year = {2006},
}

@inproceedings{Diedam2008iros,
  title={Online walking gait generation with adaptive foot positioning through linear model predictive control},
  author={Diedam, H. and Dimitrov, D. and Wieber, P.B. and Mombaur, K. and Diehl, M.},
  booktitle={Intelligent Robots and Systems, 2008. IROS 2008. IEEE/RSJ International Conference on},
  pages={1121--1126},
  year={2008},
  organization={IEEE}
}

@article{Herdt2010auro,
  title={Online Walking Motion Generation with Automatic Footstep Placement},
  author={Herdt, A. and Diedam, H. and Wieber, P.B. and Dimitrov, D. and Mombaur, K. and Diehl, M.},
  journal={Advanced Robotics, 24},
  volume={5},
  number={6},
  pages={719--737},
  year={2010},
  publisher={VSP, an imprint of Brill}
}

@inproceedings{Dimitrov2011icra,
    title={Walking motion generation with online foot position adaptation based on $\ell_1$-and $\ell_{\infty}$-norm penalty formulations},
    author={Dimitrov, D. and Paolillo, A. and Wieber, P.B.},
    booktitle={Robotics and Automation (ICRA), 2011 IEEE International Conference on},
    pages={3523--3529},
    year={2011},
    organization={IEEE}
}

@phdthesis{Herdt2012thesis,
    author = {Herdt, A.},
    school = {Paris Institute of Technology},
    title = {Model predictive control of a humanoid robots},
    year = {2012},
}

@inproceedings{Dimitrov2011iros,
    title={A sparse model predictive control formulation for walking motion generation},
    author={Dimitrov, D. and Sherikov, A. and Wieber, P.B.},
    booktitle={Intelligent Robots and Systems (IROS), 2011 IEEE/RSJ International Conference on},
    pages={2292--2299},
    year={2011},
    organization={IEEE}
}

@article{Mayne2000automatica,
    title = "Constrained model predictive control: Stability and optimality",
    journal = "Automatica",
    volume = "36",
    number = "6",
    pages = "789 - 814",
    year = "2000",
    author = "D.Q. Mayne and J.B. Rawlings and C.V. Rao and P.O.M. Scokaert",
}

@article{Muske1993aiche,
    author = {Muske, Kenneth R. and Rawlings, James B.},
    title = {Model predictive control with linear models},
    journal = {AIChE Journal},
    volume = {39},
    number = {2},
    publisher = {American Institute of Chemical Engineers},
    issn = {1547-5905},
    url = {\url{http://dx.doi.org/10.1002/aic.690390208}},
    doi = {10.1002/aic.690390208},
    pages = {262--287},
    year = {1993},
}

@inproceedings{Wieber2002stability,
    title = {{On the stability of walking systems}},
    author = {Wieber, Pierre-Brice},
    booktitle = {{Proceedings of the International Workshop on Humanoid and Human Friendly Robotics}},
    address = {Tsukuba, Japon},
    year = {2002},
}

@ARTICLE{Bretl2008tranrob,
    author={Bretl, T. and Lall, S.},
    journal={Robotics, IEEE Transactions on},
    title={Testing Static Equilibrium for Legged Robots},
    year={2008},
    month={Aug},
    volume={24},
    number={4},
    pages={794-807},
    keywords={legged locomotion;robot dynamics;center of mass;convex set projection;fixed foot placements;legged robots;static equilibrium;test static equilibrium;testing static equilibrium;Computational efficiency;Computational geometry;Foot;Friction;Gravity;Legged locomotion;Mobile robots;Motion planning;Shape;Testing;Computational geometry;frictional contact;legged locomotion;mobile robots;motion planning;static equilibrium},
    doi={10.1109/TRO.2008.2001360},
    ISSN={1552-3098},
}

@article{Rubrecht2012auro,
    year={2012},
    issn={0929-5593},
    journal={Autonomous Robots},
    volume={32},
    number={3},
    doi={10.1007/s10514-011-9264-x},
    title={Motion safety and constraints compatibility for multibody robots},
    publisher={Springer US},
    keywords={Robotic constraints; Constraints compliant control; Motion safety; Multibody robot safety; Safe reactive control},
    author={Rubrecht, Sébastien and Padois, Vincent and Bidaud, Philippe and de Broissia, Michel and Da Silva Simoes, Max},
    pages={333-349},
    language={English}
}

@inproceedings{Wieber2008iros,
    title = {{Viability and Predictive Control for Safe Locomotion}},
    author = {Wieber, Pierre-Brice},
    booktitle = {{IEEE-RSJ International Conference on Intelligent Robots \& Systems}},
    address = {Nice, France},
    year = {2008},
}

@INPROCEEDINGS{Fraichard2003iros,
    author={Fraichard, T. and Asama, H.},
    booktitle={Intelligent Robots and Systems, 2003. (IROS 2003). Proceedings. 2003 IEEE/RSJ International Conference on},
    title={Inevitable collision states. A step towards safer robots?},
    year={2003},
    month={Oct},
    volume={1},
    pages={388-393 vol.1},
    keywords={collision avoidance;mobile robots;inevitable collision obstacle;inevitable collision state;motion planning;robotic system;Laboratories;Motion planning;Navigation;Orbital robotics;Path planning;Robots;Safety;Societies;State-space methods;Trajectory},
    doi={10.1109/IROS.2003.1250659},
}

@ARTICLE{Tomlin2003procieee,
    author={Tomlin, C.J. and Mitchell, I. and Bayen, A.M. and Oishi, M.},
    journal={Proceedings of the IEEE},
    title={Computational techniques for the verification of hybrid systems},
    year={2003},
    month={July},
    volume={91},
    number={7},
    pages={986-1001},
    keywords={aircraft control;automata theory;collision avoidance;formal verification;game theory;reachability analysis;system theory;aircraft collision avoidance protocols;automata;autopilot logic;computer science verification;continuous dynamical systems;control theory;discrete state systems;hybrid system theory;hybrid systems;reachability;two-person zero-sum game;verification;Aircraft;Automata;Automatic control;Computer science;Control system analysis;Control system synthesis;Control systems;Control theory;Differential equations;Logic},
    doi={10.1109/JPROC.2003.814621},
    ISSN={0018-9219},
}

@article{Koolen2012ijrr,
    author = {Koolen, Twan and de Boer, Tomas and Rebula, John and Goswami, Ambarish and Pratt, Jerry},
    title = {Capturability-based analysis and control of legged locomotion, Part 1: Theory and application to three simple gait models},
    volume = {31},
    number = {9},
    pages = {1094-1113},
    year = {2012},
    journal = {The International Journal of Robotics Research}
}

@inproceedings{Zaytsev2015icra,
    Title = {Two steps is enough: no need to plan far ahead for walking balance},
    Author = {Petr Zaytsev and Seyed Javad Hasaneini and Andy Ruina},
    Booktitle = {Proceedings of the International Conference on Robotics and Automation (ICRA)},
    Year = {2015},
    Month = {May},
}

@incollection{Pratt2006fastmotions,
    year={2006},
    booktitle={Fast Motions in Biomechanics and Robotics},
    volume={340},
    series={Lecture Notes in Control and Information Sciences},
    editor={Diehl, Moritz and Mombaur, Katja},
    title={Velocity-Based Stability Margins for Fast Bipedal Walking},
    publisher={Springer Berlin Heidelberg},
    author={Pratt, J.E. and Tedrake, R.},
    pages={299-324}
}

@phdthesis{Zaytsev2015thesis,
    author = {Zaytsev, P.V.},
    school = {Cornell University},
    title = {Using Controllability of Simple Models to Generate Maximally Robust Walking-Robot Controllers},
    year = {2015},
}

@INPROCEEDINGS{Englsberger2011iros,
    author={Englsberger, J. and Ott, C. and Roa, M.A. and Albu-Schaffer, A. and Hirzinger, G.},
    booktitle={Intelligent Robots and Systems (IROS), 2011 IEEE/RSJ International Conference on},
    title={Bipedal walking control based on Capture Point dynamics},
    year={2011},
    month={sept.},
    volume={},
    number={},
    pages={4420 -4427},
}

@INPROCEEDINGS{Takenaka2009iros,
    author={Takenaka, T. and Matsumoto, T. and Yoshiike, T.},
    booktitle={Intelligent Robots and Systems, 2009. IROS 2009. IEEE/RSJ International Conference on},
    title={Real time motion generation and control for biped robot -1st report: Walking gait pattern generation-},
    year={2009},
    month={oct.},
    volume={},
    number={},
    pages={1084 -1091},
}

@article{Hof2005job,
    title = "The condition for dynamic stability",
    journal = "Journal of Biomechanics",
    volume = "38",
    number = "1",
    pages = "1 - 8",
    year = "2005",
    note = "",
    author = "A.L. Hof and M.G.J. Gazendam and W.E. Sinke",
}

@INPROCEEDINGS{Kaneko2004icra,
    author={Kaneko, K. and Kanehiro, F. and Kajita, S. and Hirukawa, H. and Kawasaki, T. and Hirata, M. and Akachi, K. and Isozumi, T.},
    booktitle={Robotics and Automation, 2004. Proceedings. ICRA '04. 2004 IEEE International Conference on},
    title={Humanoid robot HRP-2},
    year={2004},
    month={April},
    volume={2},
    pages={1083-1090 Vol.2},
    keywords={legged locomotion;motion control;Japan;biped locomotion;body motion;electrical systems;humanoid robot HRP-2;humanoid robotics project;prototype;robotics platform;uneven surface;Aging;Anthropomorphism;Hospitals;Humanoid robots;Humans;Legged locomotion;Manufacturing automation;Prototypes;Robotics and automation;Service robots},
    doi={10.1109/ROBOT.2004.1307969},
    ISSN={1050-4729},
}

@INPROCEEDINGS{Englsberger2014humanoids,
    author={Englsberger, J. and Werner, A. and Ott, C. and Henze, B. and Roa, M.A. and Garofalo, G. and Burger, R. and Beyer, A. and Eiberger, O. and Schmid, K. and Albu-Schaffer, A.},
    booktitle={Humanoid Robots (Humanoids), 2014 14th IEEE-RAS International Conference on},
    title={Overview of the torque-controlled humanoid robot TORO},
    year={2014},
    pages={916-923},
    keywords={humanoid robots;legged locomotion;mechanical stability;position control;robot kinematics;torque control;DLR Biped;TORO;computer hardware;electronics;mechanical design;multicontact balancing strategy;sensors;torque-controlled humanoid robot;walking strategy;Hip;Humanoid robots;Joints;Legged locomotion;Robot sensing systems},
    doi={10.1109/HUMANOIDS.2014.7041473},
    month={Nov},
}

@INPROCEEDINGS{Kaneko2009humanoids,
    author={Kaneko, K. and Kanehiro, F. and Morisawa, M. and Miura, K. and Nakaoka, S. and Kajita, S.},
    booktitle={Humanoid Robots, 2009. Humanoids 2009. 9th IEEE-RAS International Conference on},
    title={Cybernetic human HRP-4C},
    year={2009},
    pages={7-14},
    month={Dec},
}

@article{Bretl2006ijrr,
    author = {Bretl, Timothy},
    title = {Motion Planning of Multi-Limbed Robots Subject to Equilibrium Constraints: The Free-Climbing Robot Problem},
    journal = {Int. J. Rob. Res.},
    issue_date = {April     2006},
    volume = {25},
    number = {4},
    month = apr,
    year = {2006},
    issn = {0278-3649},
    pages = {317--342},
    numpages = {26},
    doi = {10.1177/0278364906063979},
    acmid = {1124585},
    publisher = {Sage Publications, Inc.},
    address = {Thousand Oaks, CA, USA},
    keywords = {climbing robots, closed kinematic chains, equilibrium constraints, free-climbing, motion planning, probabilistic roadmaps},
}

@article{Santos2005auro,
    year={2005},
    issn={0929-5593},
    journal={Autonomous Robots},
    volume={18},
    number={1},
    doi={10.1023/B:AURO.0000047288.23401.5c},
    title={Including Joint Torques and Power Consumption in the Stability Margin of Walking Robots},
    publisher={Kluwer Academic Publishers},
    keywords={legged robots; walking locomotion; static stability; stability measurements},
    author={de Santos, P.Gonzalez and Estremera, J. and Garcia, E. and Armada, M.},
    pages={43-57},
    language={English}
}

@ARTICLE{Bemporad2000tranac,
    author={Bemporad, A. and Ferrari-Trecate, G. and Morari, M.},
    journal={Automatic Control, IEEE Transactions on},
    title={Observability and controllability of piecewise affine and hybrid systems},
    year={2000},
    month={Oct},
    volume={45},
    number={10},
    pages={1864-1876},
    keywords={automata theory;controllability;formal logic;integer programming;linear programming;observability;hybrid systems;interacting linear dynamics;mixed-integer linear programming;numerical tests;piecewise affine systems;propositional logic;Automata;Automatic control;Control systems;Controllability;Equations;Linear programming;Linear systems;Logic programming;Observability;Piecewise linear techniques},
    doi={10.1109/TAC.2000.880987},
    ISSN={0018-9286},
}

@ARTICLE{Westervelt2003tranac,
    author={Westervelt, E.R. and Grizzle, J.W. and Koditschek, D.E.},
    journal={Automatic Control, IEEE Transactions on},
    title={Hybrid zero dynamics of planar biped walkers},
    year={2003},
    month={Jan},
    volume={48},
    number={1},
    pages={42-56},
    keywords={feedback;legged locomotion;optimisation;polynomials;time-varying systems;hybrid dynamical systems;hybrid zero dynamics;planar biped walkers;restriction dynamics;stable walking controllers;time-invariant return map;two-dimensional zero dynamics submanifold;within-step control action;Actuators;Constraint optimization;Control systems;Energy consumption;Kinematics;Knee;Leg;Legged locomotion;Orbits;Torso},
    doi={10.1109/TAC.2002.806653},
    ISSN={0018-9286},
}

@ARTICLE{Chevallereau2003csm,
    author={Chevallereau, C. and Abba, G. and Aoustin, Y. and Plestan, F. and Westervelt, E.R. and Canudas-de-Wit, Carlos and Grizzle, J.W.},
    journal={Control Systems, IEEE},
    title={RABBIT: a testbed for advanced control theory},
    year={2003},
    month={Oct},
    volume={23},
    number={5},
    pages={57-79},
    keywords={legged locomotion;test facilities;RABBIT;advanced control theory testbed;bipedal robot platform;legged locomotion;walking;Control theory;Equations;Legged locomotion;Motion control;Prototypes;Rabbits;Robots;Stability;Testing;Trajectory},
    doi={10.1109/MCS.2003.1234651},
    ISSN={1066-033X},
}

@INPROCEEDINGS{Grizzle2006isccsp,
    author = {J. W. Grizzle},
    title = {Remarks on Event-Based Stabilization of Periodic Orbits in Systems with Impulse Effects},
    booktitle = {Second International Symposium on Communication, Control and Signal Processing},
    year = {2006}
}

@ARTICLE{Chevallereau2009tro,
    author={Chevallereau, C. and Grizzle, J.W. and Ching-Long Shih},
    journal={Robotics, IEEE Transactions on},
    title={Asymptotically Stable Walking of a Five-Link Underactuated 3-D Bipedal Robot},
    year={2009},
    month={Feb},
    volume={25},
    number={1},
    pages={37-50},
    keywords={asymptotic stability;closed loop systems;control system synthesis;feedback;legged locomotion;linearisation techniques;optimisation;robot dynamics;actuators;asymptotically stable periodic fast walking gait;autonomous feedback controller;closed-loop control;controller design;dynamics;eigenvalues;feedback controllers;five-link underactuated 3D bipedal robot;hybrid zero dynamics;linearization;optimization;passive point feet;periodic orbit;planar bipeds;restricted Poincare map;revolute knees;stabilization;torso;virtual constraints;walking surface;yaw rotation inhibition;Humanoid robots;legged robots;underactuated robots},
    doi={10.1109/TRO.2008.2010366},
    ISSN={1552-3098},
}

@article{Sreenath2010ijrr,
    author = {Sreenath, Koushil and Park, Hae-Won and Poulakakis, Ioannis and Grizzle, JW},
    title = {A Compliant Hybrid Zero Dynamcis Controller for Stable, Efficient and Fast Bipedal Walking on MABEL},
    year = {2010},
    doi = {10.1177/0278364910379882},
    journal = {The International Journal of Robotics Research}
}

@article{Collins2005science,
    author = {Collins, Steve and Ruina, Andy and Tedrake, Russ and Wisse, Martijn},
    journal = {Science},
    number = {5712},
    pages = {1082--1085},
    title = {Efficient Bipedal Robots Based on {Passive-Dynamic} Walkers},
    volume = {307},
    year = {2005}
}

@article{McGeer1990ijrs,
    author = {McGeer, Tad},
    title = {Passive Dynamic Walking},
    volume = {9},
    number = {2},
    pages = {62-82},
    year = {1990},
    journal = {The International Journal of Robotics Research}
}

@inproceedings{Nemoto2015iros,
    title = {Thermobot: A Bipedal Walker Driven by Constant Heating},
    author = {Nemoto, Takeru and Yamamoto, Akio},
    booktitle={Intelligent Robots and Systems (IROS 2015), 2015 IEEE/RSJ International Conference on},
    address = {Hamburg, Germany},
    year = {2015},
}

@article{Ijspeert2008nn,
    title = "Central pattern generators for locomotion control in animals and robots: A review ",
    journal = "Neural Networks ",
    volume = "21",
    number = "4",
    pages = "642 - 653",
    year = "2008",
    note = "Robotics and Neuroscience ",
    issn = "0893-6080",
    doi = "\url{http://dx.doi.org/10.1016/j.neunet.2008.03.014}",
    author = "Auke Jan Ijspeert",
    keywords = "Central pattern generators",
    keywords = "Locomotion",
    keywords = "Robots",
    keywords = "Computational models",
    keywords = "Dynamical systems",
    keywords = "Neural networks",
    keywords = "Systems of coupled oscillators "
}

@article{Nakanishi2004ras,
    title = "Learning from demonstration and adaptation of biped locomotion ",
    journal = "Robotics and Autonomous Systems ",
    volume = "47",
    number = "2–3",
    pages = "79 - 91",
    year = "2004",
    note = "Robot Learning from Demonstration ",
    issn = "0921-8890",
    doi = "\url{http://dx.doi.org/10.1016/j.robot.2004.03.003}",
    author = "Jun Nakanishi and Jun Morimoto and Gen Endo and Gordon Cheng and Stefan Schaal and Mitsuo Kawato",
    keywords = "Biped locomotion",
    keywords = "Learning from demonstration",
    keywords = "Dynamical movement primitives",
    keywords = "Phase resetting",
    keywords = "Frequency adaptation "
}

@article{Zucker2011ijrr,
    author = {Zucker, Matt and Ratliff, Nathan and Stolle, Martin and Chestnutt, Joel and Bagnell, J Andrew and Atkeson, Christopher G and Kuffner, James},
    title = {Optimization and learning for rough terrain legged locomotion},
    volume = {30},
    number = {2},
    pages = {175-191},
    year = {2011},
    doi = {10.1177/0278364910392608},
    journal = {The International Journal of Robotics Research}
}

@article{Kuffner2002auro,
    year={2002},
    issn={0929-5593},
    journal={Autonomous Robots},
    volume={12},
    number={1},
    doi={10.1023/A:1013219111657},
    title={Dynamically-Stable Motion Planning for Humanoid Robots},
    publisher={Kluwer Academic Publishers},
    keywords={motion planning; humanoid robots; dynamics; obstacle avoidance},
    author={Kuffner Jr., James J. and Kagami, Satoshi and Nishiwaki, Koichi and Inaba, Masayuki and Inoue, Hirochika},
    pages={105-118},
    language={English}
}

@article{Hauser2008ijrr,
    author = {Hauser, Kris and Bretl, Timothy and Latombe, Jean-Claude and Harada, Kensuke and Wilcox, Brian},
    title = {Motion Planning for Legged Robots on Varied Terrain},
    volume = {27},
    number = {11-12},
    pages = {1325-1349},
    year = {2008},
    doi = {10.1177/0278364908098447},
    journal = {The International Journal of Robotics Research}
}

@article{Dalibard2013ijrr,
    author = {Dalibard, Sébastien and El Khoury, Antonio and Lamiraux, Florent and Nakhaei, Alireza and Taïx, Michel and Laumond, Jean-Paul},
    title = {Dynamic walking and whole-body motion planning for humanoid robots: an integrated approach},
    volume = {32},
    number = {9-10},
    pages = {1089-1103},
    year = {2013},
    doi = {10.1177/0278364913481250},
    journal = {The International Journal of Robotics Research}
}

@article{Shkolnik2011ijrr,
    author = {Shkolnik, Alexander and Levashov, Michael and Manchester, Ian R. and Tedrake, Russ},
    title = {Bounding on rough terrain with the LittleDog robot},
    volume = {30},
    number = {2},
    pages = {192-215},
    year = {2011},
    doi = {10.1177/0278364910388315},
    journal = {The International Journal of Robotics Research}
}

@INPROCEEDINGS{Dai2014humanoids,
    author={Hongkai Dai and Valenzuela, A. and Tedrake, R.},
    booktitle={Humanoid Robots (Humanoids), 2014 14th IEEE-RAS International Conference on},
    title={Whole-body motion planning with centroidal dynamics and full kinematics},
    year={2014},
    month={Nov},
    pages={295-302},
    doi={10.1109/HUMANOIDS.2014.7041375},
}

@article{Bouyarmane2012adrob,
  author    = {Karim Bouyarmane and
               Abderrahmane Kheddar},
  title     = {Humanoid Robot Locomotion and Manipulation Step Planning},
  journal   = {Advanced Robotics},
  volume    = {26},
  number    = {10},
  pages     = {1099--1126},
  year      = {2012},
}

@article{Kanoun2010ijrr,
    author = {Kanoun, Oussama and Laumond, Jean-Paul and Yoshida, Eiichi},
    title = {Planning Foot Placements for a Humanoid Robot: A Problem of Inverse Kinematics},
    year = {2010},
    doi = {10.1177/0278364910371238},
    journal = {The International Journal of Robotics Research}
}

@inproceedings{Dellin2012icra,
   author = "Christopher Dellin and Siddhartha Srinivasa",
   title = "A Framework for Extreme Locomotion Planning",
   booktitle = "IEEE International Conference on Robotics and Automation (ICRA '12)",
   month = "May",
   year = "2012",
}

@misc{DRCsite,
    title = {DARPA Robotics Challenge (DRC)},
    howpublished = {Available: \url{http://www.theroboticschallenge.org/overview}},
    year = {2015},
    month = Sep,
}

@misc{COMANOIDsite,
    title = {Multi-contact Collaborative Humanoids in Aircraft Manufacturing},
    howpublished = {Available: \url{http://comanoid.cnrs.fr/project-overview}},
    year = {2016},
    month = Jan,
}

@misc{ThreeLaws,
    author = "Wikipedia",
    title = "Three Laws of Robotics --- Wikipedia{,} The Free Encyclopedia",
    year = "2015",
    month = Sep,
    howpublished = "Available: \url{https://en.wikipedia.org/wiki/Three_Laws_of_Robotics}"
}

@misc{FallingCat,
    author = "Wikipedia",
    title = "Falling Cat --- Wikipedia{,} The Free Encyclopedia",
    year = "2015",
    month = Dec,
    howpublished = "Available: \url{https://en.wikipedia.org/wiki/Falling_Cat}"
}

@misc{MAXIMAsite,
    title = {Maxima, a Computer Algebra System},
    howpublished = {Available: \url{http://maxima.sourceforge.net/}},
    year = {2016},
    month = Jan,
}

@misc{OCTAVEsite,
    title = {GNU Octave},
    howpublished = {Available: \url{https://gnu.org/software/octave/}},
    year = {2016},
    month = Jan,
}

@MISC{EIGENsite,
    author = {Ga\"{e}l Guennebaud and Beno\^{i}t Jacob and others},
    title = {Eigen v3},
    howpublished = {Available: \url{http://eigen.tuxfamily.org}},
    year = {2010},
}

@MISC{SOTHsite,
    title = {SOT Hierarchical solver},
    howpublished = {Available:  \url{https://github.com/stack-of-tasks/soth}},
    year = {2016},
    month = Jan,
}

@misc{ADEPTsite,
    title = {Omron Adept Technologies, Inc.},
    howpublished = {Available: \url{http://www.adept.com/}},
    year = {2016},
    month = May,
}

@misc{SHERIKOVsite,
    howpublished = {Available: \url{http://asherikov.github.io/}},
    year = {2016},
    month = May,
}

@article{Howe1996ijrr,
    author = {Howe, Robert D. and Cutkosky, Mark R.},
    title = {Practical Force-Motion Models for Sliding Manipulation},
    volume = {15},
    number = {6},
    pages = {557-572},
    year = {1996},
    journal = {The International Journal of Robotics Research}
}

@INPROCEEDINGS{Fujimoto1996icra,
    author={Fujimoto, Y. and Kawamura, A},
    booktitle={Robotics and Automation, 1996. Proceedings., 1996 IEEE International Conference on},
    title={Proposal of biped walking control based on robust hybrid position/force control},
    year={1996},
    month={Apr},
    volume={3},
    pages={2724-2730 vol.3},
    keywords={force control;hierarchical systems;legged locomotion;position control;biped walking control;contact force;hierarchical control;legged locomotion;robust hybrid position/force control;Acceleration;Control system synthesis;Control systems;Equations;Foot;Force control;Legged locomotion;Proposals;Robots;Robust control},
    doi={10.1109/ROBOT.1996.506574},
    ISSN={1050-4729},
}

@article{Hurmuzlu2004automatica,
    title = "Modeling, stability and control of biped robots—a general framework ",
    journal = "Automatica ",
    volume = "40",
    number = "10",
    pages = "1647 - 1664",
    year = "2004",
    note = "",
    author = "Yildirim Hurmuzlu and Frank Génot and Bernard Brogliato",
    keywords = "Biped robots",
    keywords = "Non-smooth mechanics",
    keywords = "Unilateral constraints",
    keywords = "Complementarity conditions",
    keywords = "Multiple impact laws",
    keywords = "Hybrid system",
    keywords = "Gait stability",
    keywords = "Control synthesis "
}

@ARTICLE{Brogliato2003tranac,
    author={Brogliato, B.},
    journal={Automatic Control, IEEE Transactions on},
    title={Some perspectives on the analysis and control of complementarity systems},
    year={2003},
    volume={48},
    number={6},
    pages={918-935},
    keywords={controllability;convex programming;nonlinear dynamical systems;robust control;Lagrange multiplier;controllability;convex analysis;dynamical system;measure differential inclusions;mechanical systems;optimal control;stabilizability;Biological system modeling;Control system analysis;Control systems;Controllability;Mathematics;Mechanical systems;Numerical simulation;Optimal control;Robotic assembly;Solid modeling},
    doi={10.1109/TAC.2003.812777},
    ISSN={0018-9286},
    month={June},
}

@article{Trinkle1997zamm,
    author = {Trinkle, J. C. and Pang, J.-S. and Sudarsky, S. and Lo, G.},
    title = {On Dynamic Multi-Rigid-Body Contact Problems with Coulomb Friction},
    journal = {ZAMM - Journal of Applied Mathematics and Mechanics / Zeitschrift für Angewandte Mathematik und Mechanik},
    volume = {77},
    number = {4},
    publisher = {WILEY-VCH Verlag},
    issn = {1521-4001},
    url = {\url{http://dx.doi.org/10.1002/zamm.19970770411}},
    doi = {10.1002/zamm.19970770411},
    pages = {267--279},
    year = {1997},
}

@INPROCEEDINGS{Caron2015icra,
    author={Caron, S. and Quang-Cuong Pham and Nakamura, Y.},
    booktitle={Robotics and Automation (ICRA), 2015 IEEE International Conference on},
    title={Stability of surface contacts for humanoid robots: Closed-form formulae of the Contact Wrench Cone for rectangular support areas},
    year={2015},
    pages={5107-5112},
    keywords={friction;humanoid robots;legged locomotion;robot kinematics;stability;torque control;CWC;CoP;Coulomb friction;OpenHRP simulator;biped locomotion;closed-form formulae;contact wrench cone;foot yaw prevention;humanoid motions;humanoid robot locomotion;lower bounds;rectangular support areas;resultant force;rigid surface contacts;support area;surface contact stability;upper bounds;yaw torque;Acceleration;Force;Friction;Jacobian matrices;Mathematical model;Robots;Stability analysis},
    doi={10.1109/ICRA.2015.7139910},
    month={May},
}

@INPROCEEDINGS{Zhu2006iros,
    author={Chi Zhu and Kawamura, A.},
    booktitle={Intelligent Robots and Systems, 2006 IEEE/RSJ International Conference on},
    title={What Is the Real Frictional Constraint in Biped Walking? - Discussion on Frictional Slip with Rotation},
    year={2006},
    pages={5762-5768},
    keywords={friction;legged locomotion;motion control;robot kinematics;torque;biped walking;frictional rotation constraint;frictional slip;rotational motion;torque;translational motion;Foot;Force control;Friction;Hip;Humanoid robots;Humans;Intelligent robots;Legged locomotion;Petroleum;Torque},
    doi={10.1109/IROS.2006.282460},
    month={Oct},
}

@inproceedings{Bouchard2015gic,
    author = {Bouchard, C. and Nesme, M. and Tournier, M. and Wang, B. and Faure, F. and Kry, P. G.},
    title = {6D Frictional Contact for Rigid Bodies},
    booktitle = {Proceedings of the 41st Graphics Interface Conference},
    series = {GI '15},
    year = {2015},
    pages = {105--114},
    publisher = {Canadian Information Processing Society},
    address = {Toronto, Ont., Canada, Canada},
}

@incollection{Wieber2006fastmotions,
    year={2006},
    isbn={978-3-540-36118-3},
    booktitle={Fast Motions in Biomechanics and Robotics},
    volume={340},
    series={Lecture Notes in Control and Information Sciences},
    editor={Diehl, Moritz and Mombaur, Katja},
    doi={10.1007/978-3-540-36119-0_20},
    title={Holonomy and Nonholonomy in the Dynamics of Articulated Motion},
    publisher={Springer Berlin Heidelberg},
    author={Wieber, P.-B.},
    pages={411-425},
    language={English}
}

@incollection{Glocker2006nms,
    year={2006},
    isbn={978-3-211-48241-4},
    booktitle={Nonsmooth Mechanics of Solids},
    volume={485},
    series={CISM International Centre for Mechanical Sciences},
    editor={Haslinger, Jaroslav and Stavroulakis, Georgios E.},
    doi={10.1007/978-3-211-48243-8_2},
    title={An Introduction to Impacts},
    url={\url{http://dx.doi.org/10.1007/978-3-211-48243-8_2}},
    publisher={Springer Vienna},
    author={Glocker, Christoph},
    pages={45-101},
    language={English}
}

@phdthesis{Kerrigan2000thesis,
    author = {Kerrigan, E. C.},
    school = {University of Cambridge},
    title = {Robust Constraint Satisfaction: Invariant Sets and Predictive Control},
    year = {2000},
}

@article{Escande2014ijrr,
    author = {Escande, Adrien and Mansard, Nicolas and Wieber, Pierre-Brice},
    title = {Hierarchical quadratic programming: Fast online humanoid-robot motion generation},
    year = {2014},
    doi = {10.1177/0278364914521306},
    journal = {The International Journal of Robotics Research}
}

@unpublished{Dimitrov2015preprint,
  TITLE = {{Efficient resolution of potentially conflicting linear constraints in robotics}},
  AUTHOR = {Dimitrov, Dimitar and Sherikov, Alexander and Wieber, Pierre-Brice},
  URL = {\url{https://hal.inria.fr/hal-01183003}},
  NOTE = {Preprint},
  YEAR = {2015},
  MONTH = Aug,
  PDF = {\url{https://hal.inria.fr/hal-01183003/file/drdv_tro.pdf}},
  HAL_ID = {hal-01183003},
  HAL_VERSION = {v1},
}

@article{Wang2010tcst,
    author={Yang Wang and Boyd, S.},
    journal={Control Systems Technology, IEEE Transactions on},
    title={Fast Model Predictive Control Using Online Optimization},
    year={2010},
    month={march},
    volume={18},
    number={2},
    pages={267 -278},
}

@article{Vukobratovic2004ijhr,
    author = {Vukobratovi\'c, Miomir and Borova\'c, Branislav},
    title = {Zero-Moment Point — thirty five years of its life},
    journal = {International Journal of Humanoid Robotics},
    volume = {01},
    number = {01},
    pages = {157-173},
    year = {2004},
    doi = {10.1142/S0219843604000083},

    URL = {\url{http://www.worldscientific.com/doi/abs/10.1142/S0219843604000083}},
    eprint = {\url{http://www.worldscientific.com/doi/pdf/10.1142/S0219843604000083}}
}

@article{Nishiwaki2009ijrr,
    author = {Nishiwaki, K. and Kagami, S.},
    title = {Online Walking Control System for Humanoids with Short Cycle Pattern Generation},
    volume = {28},
    number = {6},
    pages = {729-742},
    year = {2009},
    journal = {The International Journal of Robotics Research}
}

@article{Ferreau2008ijrnc,
    author = {Ferreau, H. J. and Bock, H. G. and Diehl, M.},
    title = {An online active set strategy to overcome the limitations of explicit MPC},
    journal = {International Journal of Robust and Nonlinear Control},
    volume = {18},
    number = {8},
    publisher = {John Wiley \& Sons, Ltd.},
    pages = {816--830},
    year = {2008},
}

@inproceedings{Bock1984ifac,
    title={A multiple shooting algorithm for direct solution of optimal control problems},
    booktitle={Proceedings 9th IFAC World Congress Budapest},
    publisher={Pergamon Press},
    author={Bock, H. G. and Plitt, K. J.},
    year={1984},
    pages={243--247}
}

@incollection{Kemp2008handbook,
    author = {Kemp, C.C. and Fitzpatrick, P. and Hirukawa, H. and Yokoi, K. and Harada, K. and Matsumoto, Y.},
    title = {Humanoids},
    booktitle = {Springer Handbook of Robotics},
    editor = {Siciliano, Bruno and Khatib, Oussama},
    publisher = {Springer Berlin Heidelberg},
    pages = {361-389},
    year = {2008},
}

@INPROCEEDINGS{Lafaye2014humanoids,
    author={Lafaye, J. and Gouaillier, D. and Wieber, P.-B.},
    booktitle={Humanoid Robots (Humanoids), 2014 14th IEEE-RAS International Conference on},
    title={Linear model predictive control of the locomotion of Pepper, a humanoid robot with omnidirectional wheels},
    year={2014},
    month={Nov},
    pages={336-341},
}

@INPROCEEDINGS{Stephens2010iros,
    author={Stephens, B.J. and Atkeson, C.G.},
    booktitle={Intelligent Robots and Systems (IROS), 2010 IEEE/RSJ International Conference on},
    title={Dynamic Balance Force Control for compliant humanoid robots},
    year={2010},
    month={Oct},
    pages={1248-1255},
    keywords={compliant mechanisms;force control;humanoid robots;robot dynamics;torque control;center of mass motion;compliant humanoid robot;contact force;contact force control;dynamic balance force control;full body joint torque;generic force control task;virtual model controller},
    doi={10.1109/IROS.2010.5648837},
    ISSN={2153-0858},
}

@article{Saab2013tro,
    author = {Saab, L. and Ramos, O.~E. and Keith, F. and Mansard, N. and  Sou\`{e}res, P. and Fourquet, J.-Y.},
    title = {Dynamic Whole-Body Motion Generation Under Rigid Contacts and Other Unilateral Constraints},
    year = {2013},
    journal = {IEEE Transactions on Robotics},
    VOLUME = {29},
    NUMBER = {2},
    pages={346-362}
}

@INPROCEEDINGS{Ott2011humanoids,
    author={Ott, C. and Roa, M.A. and Hirzinger, G.},
    booktitle={Humanoid Robots (Humanoids), 2011 11th IEEE-RAS International Conference on},
    title={Posture and balance control for biped robots based on contact force optimization},
    year={2011},
    month={Oct},
    pages={26-33},
    keywords={legged locomotion;optimisation;position control;balance control;biped robots;contact force optimization;posture control;unknown external perturbation;Force;Joints;Legged locomotion;Robot kinematics;Robot sensing systems;Torque},
    doi={10.1109/Humanoids.2011.6100882},
    ISSN={2164-0572},
}

@ARTICLE{Hyon2007tro,
    author={Hyon, S. and Hale, J.G. and Cheng, G.},
    journal={Robotics, IEEE Transactions on},
    title={Full-Body Compliant Human Humanoid Interaction: Balancing in the Presence of Unknown External Forces},
    year={2007},
    month={Oct},
    volume={23},
    number={5},
    pages={884-898},
    keywords={force control;humanoid robots;legged locomotion;position control;robot dynamics;robot kinematics;biped robot;bipedal humanoid platform;compliant balance;force control;full-body compliant human-humanoid interaction;humanoid robots;position-based control;Damping;Force control;Gravity;Human robot interaction;Humanoid robots;Kinematics;Orbital robotics;Process control;Telecommunication computing;Velocity control;Balance;biped robot;compliance;force control;full-body motion control;human–humanoid interaction;passivity;redundancy},
    doi={10.1109/TRO.2007.904896},
    ISSN={1552-3098},
}

@INPROCEEDINGS{Henze2014iros,
    author={Henze, B. and Ott, C. and Roa, M.A.},
    booktitle={Intelligent Robots and Systems (IROS 2014), 2014 IEEE/RSJ International Conference on},
    title={Posture and balance control for humanoid robots in multi-contact scenarios based on Model Predictive Control},
    year={2014},
    month={Sept},
    pages={3253-3258},
    keywords={end effectors;force control;humanoid robots;mechanical contact;mechanical stability;predictive control;stability;TORO humanoid robot;balance control;balancing;contact force;crawling contact;end effectors;humanoid robots;manipulation contact;model predictive control;multicontact scenario;posture control;posture stabilization;whole-body control;End effectors;Force;Humanoid robots;Legged locomotion;Optimization;Predictive control},
    doi={10.1109/IROS.2014.6943014},
}

@article{Sparrow2005gaitpost,
    title = "Gait termination: a review of experimental methods and the effects of ageing and gait pathologies ",
    journal = "Gait \& Posture",
    volume = "22",
    number = "4",
    pages = "362 - 371",
    year = "2005",
    note = "",
    issn = "0966-6362",
    doi = "\url{http://dx.doi.org/10.1016/j.gaitpost.2004.11.005}",
    author = "W.A. Sparrow and Oren Tirosh",
}

@incollection{Yamashita1974robman,
    year={1974},
    isbn={978-3-211-81252-5},
    booktitle={On Theory and Practice of Robots and Manipulators},
    volume={201},
    series={International Centre for Mechanical Sciences},
    doi={10.1007/978-3-7091-2993-7_4},
    title={A Study on Stability of Bipedal Locomotion},
    url={\url{http://dx.doi.org/10.1007/978-3-7091-2993-7_4}},
    publisher={Springer Vienna},
    author={Yamashita, Tadashi and Yamada, Hiroshi},
    pages={41-53},
    language={English}
}

@article{VanDePanne1997cgf,
    author = {Van De Panne, Michiel},
    title = {From Footprints to Animation},
    journal = {Computer Graphics Forum},
    volume = {16},
    number = {4},
    publisher = {Blackwell Publishers},
    issn = {1467-8659},
    doi = {10.1111/1467-8659.00181},
    pages = {211--223},
    keywords = {particle scattering, atmospheric rendering, Mie-scattering, outdoor scenes},
    year = {1997},
}

@INPROCEEDINGS{Azevedo2002icra,
    author={Azevedo, C. and Poignet, P. and Espiau, B.},
    booktitle={Robotics and Automation, 2002. Proceedings. ICRA '02. IEEE International Conference on},
    title={Moving horizon control for biped robots without reference trajectory},
    year={2002},
    month={},
    volume={3},
    pages={2762-2767},
    keywords={legged locomotion;motion control;optimal control;optimisation;robot dynamics;stability;biped robots;dynamic constraints;moving horizon;nonlinear dynamic modeling;optimal control;optimization;receding horizon;stability;walking robot;Chemical industry;Control systems;Humans;Kinematics;Legged locomotion;Motion control;Nonlinear control systems;Optimal control;Robot control;Stability},
    doi={10.1109/ROBOT.2002.1013650},
}

@article{Carver2009chaos,
    author = "Carver, Sean G. and Cowan, Noah J. and Guckenheimer, John M.",
    title = "Lateral stability of the spring-mass hopper suggests a two-step control strategy for running",
    journal = "Chaos",
    year = "2009",
    volume = "19",
    number = "2",
}

@article{Fukuoka2003ijrr,
    author = {Fukuoka, Yasuhiro and Kimura, Hiroshi and Cohen, Avis H.},
    title = {Adaptive Dynamic Walking of a Quadruped Robot on Irregular Terrain Based on Biological Concepts},
    volume = {22},
    number = {3-4},
    pages = {187-202},
    year = {2003},
    journal = {The International Journal of Robotics Research}
}

@INPROCEEDINGS{Collette2007humanoids,
    author={Collette, C. and Micaelli, A. and Andriot, C. and Lemerle, P.},
    booktitle={Humanoid Robots, 2007 7th IEEE-RAS International Conference on},
    title={Dynamic balance control of humanoids for multiple grasps and non coplanar frictional contacts},
    year={2007},
    month={Nov},
    pages={81-88},
    keywords={friction;humanoid robots;manipulator dynamics;mechanical contact;minimisation;motion control;torque control;bilateral grasps;dynamic balance control;hand-wall contact;human posture control;humanoid robots;joint torque controls;multiple grasps;posture redundancy;quadratic minimization problem;Force control;Friction;Humanoid robots;Humans;Legged locomotion;Motion control;Quadratic programming;Robust control;Stability criteria;Torque control;Dynamic balance control;Friction;Grasp control;Humanoid robot motion;Multiple non coplanar contacts},
    doi={10.1109/ICHR.2007.4813852},
}

@unpublished{Wieber2015handbook,
    author = "Wieber, Pierre-Brice and Tedrake, Russ and Kuindersma, Scott",
    booktitle = "{Springer handbook of robotics}",
    chapter = "48",
    edition = "Second",
    editor = "Siciliano, Bruno and Khatib, Oussama",
    publisher = "Springer",
    title = "{Modeling and control of legged robots}",
    year = "2015",
    note = "(to appear)",
}

@inproceedings{Nagasaka2012,
    author={Nagasaka, K. and Fukushima, T. and Shimomura, H.},
    title={Whole-body Control of a Humanoid Robot Based on Generalized Inverse Dynamics and Multi-contact Stabilizer that can Take Account of Contact Constraints},
    booktitle={the Proceedings of the 17th Robotics Symposia},
    year={2012},
    pages={134-141},
}

@INPROCEEDINGS{Audren2014iros,
    author={Audren, H. and Vaillant, J. and Kheddar, A. and Escande, A. and Kaneko, K. and Yoshida, E.},
    booktitle={Intelligent Robots and Systems (IROS 2014), 2014 IEEE/RSJ International Conference on},
    title={Model preview control in multi-contact motion-application to a humanoid robot},
    year={2014},
    month={Sept},
    pages={4030-4035},
    keywords={closed loop systems;humanoid robots;motion control;path planning;predictive control;trajectory control;3D motion;Nagasaka stabilizer;closed-loop model-based controller;dynamic trajectory;geometrical feature;humanoid robot;model predictive controller;multicontact motion-application;multicontact planner;reduced-model preview control;synchronization problem;whole-body controller;Computational modeling;Dynamics;Force;Legged locomotion;Timing;Trajectory},
    doi={10.1109/IROS.2014.6943129},
}

@INPROCEEDINGS{Mansour2013iros,
    author={Mansour, D. and Micaelli, A. and Lemerle, P.},
    booktitle={Intelligent Robots and Systems (IROS), 2013 IEEE/RSJ International Conference on},
    title={Humanoid push recovery control in case of multiple non-coplanar contacts},
    year={2013},
    month={Nov},
    pages={4137-4144},
    keywords={humanoid robots;perturbation techniques;stability;contact position;coplanar environments;humanoid push recovery control;multiple noncoplanar contacts;perturbed whole body humanoid system;simple model based approach;simulated humanoid robot;stabilization;support change;Computational modeling;Friction;Joints;Kinetic energy;Mathematical model;Optimization;Vectors},
    doi={10.1109/IROS.2013.6696949},
    ISSN={2153-0858},
}

@INPROCEEDINGS{Mansour2011humanoids,
    author={Mansour, D. and Micaelli, A. and Escande, A. and Lemerle, P.},
    booktitle={Humanoid Robots (Humanoids), 2011 11th IEEE-RAS International Conference on},
    title={A new optimization based approach for push recovery in case of multiple noncoplanar contacts},
    year={2011},
    month={Oct},
    pages={331-338},
    keywords={humanoid robots;mobile robots;motion control;optimisation;stability;humanoid push recovery;multiple noncoplanar contact;optimal contact position;optimization based approach;perturbed system stabilization;Computational modeling;Equations;Force;Friction;Mathematical model;Stability analysis;Vectors},
    doi={10.1109/Humanoids.2011.6100838},
    ISSN={2164-0572},
}

@ARTICLE{Vukobratovic1970tranbme,
    author={Vukobratovi\'c, M. and Frank, A.A. and Jurici\'c, D.},
    journal={Biomedical Engineering, IEEE Transactions on},
    title={On the Stability of Biped Locomotion},
    year={1970},
    volume={BME-17},
    number={1},
    pages={25-36},
    keywords={Actuators;Control systems;Earth;Force control;Leg;Legged locomotion;Nonlinear dynamical systems;Nonlinear systems;Stability;Torque;Biomechanics;Humans;Locomotion;Models, Theoretical},
    doi={10.1109/TBME.1970.4502681},
    ISSN={0018-9294},
    month={Jan},
}

@article{Lewis1999siamr,
    author = {Andrew D. Lewis and Richard M. Murray},
    title = {Configuration Controllability of Simple Mechanical Control Systems},
    journal = {SIAM Review},
    volume = {41},
    number = {3},
    pages = {555-574},
    year = {1999},
    doi = {10.1137/S0036144599351065},
}

@article{Moreau1966siamjc,
    author = {J. J. Moreau},
    title = {Quadratic Programming in Mechanics: Dynamics of One-Sided Constraints},
    journal = {SIAM Journal on Control},
    volume = {4},
    number = {1},
    pages = {153-158},
    year = {1966},
    doi = {10.1137/0304014},
}

@inproceedings{Kuindersma2014icra,
    Title = {An Efficiently Solvable Quadratic Program for Stabilizing Dynamic Locomotion},
    Author = {Scott Kuindersma and Frank Permenter and Russ Tedrake},
    Booktitle = {Proceedings of the International Conference on Robotics and Automation (ICRA)},
    Year = {2014},
    Month = {May},
    Address = {Hong Kong, China}
}

@ARTICLE{Miura2013tro,
    author={Miura, K. and Kanehiro, F. and Kaneko, K. and Kajita, S. and Yokoi, K.},
    journal={Robotics, IEEE Transactions on},
    title={Slip-Turn for Biped Robots},
    year={2013},
    volume={29},
    number={4},
    pages={875-887},
    keywords={humanoid robots;legged locomotion;arc shape;biped robots;floor friction;foot motion;humanoid robot;resultant angle;rotational angle;turning motion;Friction;humanoid;slip;turn},
    doi={10.1109/TRO.2013.2257574},
    ISSN={1552-3098},
    month={Aug},
}

@article{Zhou2013robotica,
    author = {Zhou,Xuefeng and Guan,Yisheng and Jiang,Li and Zhu,Haifei and Cai,Chuanwu and Wu,Wenqiang and Zhang,Hong},
    title = {Stability of biped robotic walking with frictional constraints},
    journal = {Robotica},
    volume = {31},
    issue = {04},
    month = {7},
    year = {2013},
    issn = {1469-8668},
    pages = {573--588},
    numpages = {16},
    doi = {10.1017/S0263574712000598},
    URL = {\url{http://journals.cambridge.org/article_S0263574712000598}},
}

@inproceedings{Abe2007siggraph,
 author = {Abe, Yeuhi and da Silva, Marco and Popovi\'{c}, Jovan},
 title = {Multiobjective Control with Frictional Contacts},
 booktitle = {Proceedings of the 2007 ACM SIGGRAPH/Eurographics Symposium on Computer Animation},
 series = {SCA '07},
 year = {2007},
 isbn = {978-1-59593-624-0},
 location = {San Diego, California},
 pages = {249--258},
 numpages = {10},
 url = {\url{http://dl.acm.org/citation.cfm?id=1272690.1272724}},
 acmid = {1272724},
 publisher = {Eurographics Association},
 address = {Aire-la-Ville, Switzerland, Switzerland},
}

@ARTICLE{Khatib1987jra,
    author={Khatib, O.},
    journal={Robotics and Automation, IEEE Journal of},
    title={A unified approach for motion and force control of robot manipulators: The operational space formulation},
    year={1987},
    volume={3},
    number={1},
    pages={43-53},
    keywords={Force control;Motion control;Control system analysis;Control systems;Equations;Force control;Kinematics;Manipulator dynamics;Motion analysis;Motion control;Orbital robotics;Robot sensing systems},
    doi={10.1109/JRA.1987.1087068},
    ISSN={0882-4967},
    month={February},
}

@INPROCEEDINGS{Sugihara2002iros,
    author={Sugihara, T. and Nakamura, Y.},
    booktitle={Intelligent Robots and Systems, 2002. IEEE/RSJ International Conference on},
    title={Whole-body cooperative balancing of humanoid robot using COG Jacobian},
    year={2002},
    volume={3},
    pages={2575-2580 vol.3},
    keywords={biomechanics;legged locomotion;motion control;COG Jacobian;balancing;balancing method;humanoid robots;motion control;motion trajectories;referential COG displacement;stability;Absorption;Humanoid robots;Jacobian matrices;Kinematics;Leg;Legged locomotion;Motion control;Research and development;Stability criteria;Torque control},
    doi={10.1109/IRDS.2002.1041658},
    month={},
}

@article{Orin2013auro,
    year={2013},
    issn={0929-5593},
    journal={Autonomous Robots},
    volume={35},
    number={2-3},
    doi={10.1007/s10514-013-9341-4},
    title={Centroidal dynamics of a humanoid robot},
    publisher={Springer US},
    keywords={Centroidal momentum matrix; Angular momentum; Robot dynamics algorithms; Average spatial velocity; Humanoid balance controller; Momentum based balance control},
    author={Orin, David E. and Goswami, Ambarish and Lee, Sung-Hee},
    pages={161-176},
    language={English}
}

@INPROCEEDINGS{Kajita2001icra,
    author={Kajita, S. and Matsumoto, O. and Saigo, M.},
    booktitle={Robotics and Automation, 2001. Proceedings 2001 ICRA. IEEE International Conference on},
    title={Real-time 3D walking pattern generation for a biped robot with telescopic legs},
    year={2001},
    volume={3},
    pages={2299-2306 vol.3},
    keywords={legged locomotion;motion control;pendulums;real-time systems;robot dynamics;3D inverted pendulum;3D walking pattern generation;Meltran V robot;biped robot;dynamics;mobile robots;motion control;real-time control;telescopic legs;Hip;Humanoid robots;Knee;Leg;Legged locomotion;Mechanical engineering;Motion control;Orbital robotics;Robot sensing systems;Servomotors},
    doi={10.1109/ROBOT.2001.932965},
    ISSN={1050-4729},
}

@INPROCEEDINGS{Kajita2010iros,
    author={Kajita, S. and Morisawa, M. and Miura, K. and Nakaoka, S. and Harada, K. and Kaneko, K. and Kanehiro, F. and Yokoi, K.},
    booktitle={Intelligent Robots and Systems (IROS), 2010 IEEE/RSJ International Conference on},
    title={Biped walking stabilization based on linear inverted pendulum tracking},
    year={2010},
    month={oct.},
    volume={},
    number={},
    pages={4489 -4496},
}

@inproceedings{Krause2012src,
    author={Krause, Manuel and Englsberger, Johannes and Wieber, Pierre-Brice and Ott, Christian},
    title={Stabilization of the Capture Point Dynamics for Bipedal Walking based on Model Predictive Control},
    booktitle={Proceedings of the IFAC Symposium on Robot Control},
    year={2012},
}

@inproceedings{Agravante2016icra,
    TITLE = {Walking pattern generators designed for physical collaboration},
    AUTHOR = {Agravante, Don Joven and Sherikov, Alexander and Wieber, Pierre-Brice and Cherubini, Andrea and Kheddar, Abderrahmane},
    YEAR = {2016},
    booktitle={Robotics and Automation (ICRA), 2016 IEEE International Conference on},
    month={May},
}

@inproceedings{alHomsi2016icra,
    TITLE = {A hierarchical approach to minimum-time control of industrial robots},
    AUTHOR = {Saed Al Homsi and Alexander Sherikov and Dimitar Dimitrov and Pierre-Brice Wieber},
    YEAR = {2016},
    booktitle={Robotics and Automation (ICRA), 2016 IEEE International Conference on},
    month={May},
}

@incollection{Christensen2008handbook,
    year={2008},
    booktitle={Springer Handbook of Robotics},
    editor={Siciliano, Bruno and Khatib, Oussama},
    title={Sensing and Estimation},
    publisher={Springer Berlin Heidelberg},
    author={Christensen, Henrik I. and Hager, Gregory D.},
    pages={87-107},
}

@ARTICLE{Lee2012tro,
    author={Jaemin Lee and Mansard, N. and Jaeheung Park},
    journal={Robotics, IEEE Transactions on},
    title={Intermediate Desired Value Approach for Task Transition of Robots in Kinematic Control},
    year={2012},
    volume={28},
    number={6},
    pages={1260-1277},
    month={Dec},
}

@INPROCEEDINGS{Yoshida2006humanoids,
    author={Yoshida, E. and Kanoun, O. and Esteves, C. and Laumond, J-P},
    booktitle={Humanoid Robots, 2006 6th IEEE-RAS International Conference on},
    title={Task-driven Support Polygon Reshaping for Humanoids},
    year={2006},
    month={Dec},
    pages={208-213},
}

@INPROCEEDINGS{Fukumoto2004iros,
    author={Fukumoto, Y. and Nishiwaki, K. and Inaba, M. and Inoue, H.},
    booktitle={Intelligent Robots and Systems, 2004. (IROS 2004). Proceedings. 2004 IEEE/RSJ International Conference on},
    title={Hand-centered whole-body motion control for a humanoid robot},
    year={2004},
    month={Sept},
    volume={2},
    pages={1186-1191 vol.2},
}

@INPROCEEDINGS{Nishiwaki2003icra,
    author={Nishiwaki, K. and Kagami, S. and Kuffner, J.J. and Inaba, M. and Inoue, H.},
    booktitle={Robotics and Automation, 2003. Proceedings. ICRA '03. IEEE International Conference on},
    title={Online humanoid walking control system and a moving goal tracking experiment},
    year={2003},
    month={Sept},
    volume={1},
    pages={911-916 vol.1},
}

@ARTICLE{Ferreau2014mpc,
    author = {H.J. Ferreau and C. Kirches and A. Potschka and H.G. Bock and M. Diehl},
    title = {{qpOASES}: A parametric active-set algorithm for quadratic programming},
    journal = {Mathematical Programming Computation},
    year = {2014},
    volume = {6},
    number = {4},
    pages = {327--363},
    keywords = {qpOASES, parametric quadratic programming, active set method,
                model predictive control}
}

@INPROCEEDINGS{Tassa2014icra,
    author={Tassa, Y. and Mansard, N. and Todorov, E.},
    booktitle={Robotics and Automation (ICRA), 2014 IEEE International Conference on},
    title={Control-limited differential dynamic programming},
    year={2014},
    pages={1168-1175},
    keywords={dynamic programming;humanoid robots;mobile robots;motion control;real-time systems;trajectory control;36-DoF HRP-2 robot;DDP;control-limited differential dynamic programming;goal-directed robot motion;humanoid robot;real-time control;trajectory optimizers;unconstrained control-space;Clamps;Convergence;Dynamic programming;Heuristic algorithms;Optimization;Robots;Trajectory},
    doi={10.1109/ICRA.2014.6907001},
    month={May},
}

@INPROCEEDINGS{Kanehiro2009humanoids,
    author={Kanehiro, F. and Suleiman, W. and Miura, K. and Morisawa, M. and Yoshida, E.},
    booktitle={Humanoid Robots, 2009. Humanoids 2009. 9th IEEE-RAS International Conference on},
    title={Feasible pattern generation method for humanoid robots},
    year={2009},
    month={Dec},
    pages={542-548},
    doi={10.1109/ICHR.2009.5379520},
}

@INPROCEEDINGS{Morisawa2007icra,
    author={Morisawa, M. and Harada, K. and Kajita, S. and Nakaoka, S. and Fujiwara, K. and Kanehiro, F. and Kaneko, K. and Hirukawa, H.},
    booktitle={Robotics and Automation, 2007 IEEE International Conference on},
    title={Experimentation of Humanoid Walking Allowing Immediate Modification of Foot Place Based on Analytical Solution},
    year={2007},
    month={April},
    pages={3989-3994},
    doi={10.1109/ROBOT.2007.364091},
    ISSN={1050-4729},
}

@article{Cagienard2007jpc,
    title = "Move blocking strategies in receding horizon control ",
    journal = "Journal of Process Control ",
    volume = "17",
    number = "6",
    pages = "563 - 570",
    year = "2007",
    note = "",
    author = "R. Cagienard and P. Grieder and E.C. Kerrigan and M. Morari",
}

@article{Herzog2015auro,
    author="Herzog, Alexander and Rotella, Nicholas and Mason, Sean and Grimminger, Felix and Schaal, Stefan and Righetti, Ludovic",
    title="Momentum control with hierarchical inverse dynamics on a torque-controlled humanoid",
    journal="Autonomous Robots",
    year="2015",
    volume="40",
    number="3",
    pages="473--491",
}

@phdthesis{Kanoun2009thesis,
    author = {Kanoun, Oussama},
    school = {University of Toulouse III Paul Sabatier},
    title = {Task-driven motion control for humanoid robots},
    year = {2009},
}

@phdthesis{Schouwenaars2006thesis,
    author = {Schouwenaars, Tom},
    school = {Massachusetts Institute of Technology},
    title = {Safe trajectory planning of autonomous vehicles},
    year = {2006},
}

@mastersthesis{Sherikov2012master,
  author = {Sherikov, Alexander},
  title = {Model predictive control of a walking bipedal robot using online optimization},
  school = {\"Orebro University},
  year = {2012},
}

@ARTICLE{Naveau2016ral,
    author={Naveau, M. and Kudruss, M. and Stasse, O. and Kirches, C. and Mombaur, K. and Soueres, P.},
    journal={Robotics and Automation Letters, IEEE},
    title={A Reactive Walking Pattern Generator Based on Nonlinear Model Predictive Control},
    year={2016},
    volume={PP},
    number={99},
    pages={1-1},
    month={},
}

@INPROCEEDINGS{Koenemann2015iros,
    author={Koenemann, J. and Del Prete, A. and Tassa, Y. and Todorov, E. and Stasse, O. and Bennewitz, M. and Mansard, N.},
    booktitle={Intelligent Robots and Systems (IROS), 2015 IEEE/RSJ International Conference on},
    title={Whole-body model-predictive control applied to the HRP-2 humanoid},
    year={2015},
    pages={3346-3351},
    month={Sept},
}

@ARTICLE{Shimmyo2013tie,
    author={Shimmyo, S. and Sato, T. and Ohnishi, K.},
    journal={Industrial Electronics, IEEE Transactions on},
    title={Biped Walking Pattern Generation by Using Preview Control Based on Three-Mass Model},
    year={2013},
    volume={60},
    number={11},
    pages={5137-5147},
    month={Nov},
}

@ARTICLE{Bramley1994jsc,
    author = {R. Bramley and B. Winnicka},
    title = {Solving Linear Inequalities In A Least Squares Sense},
    journal = {SIAM J. Sci. Comp},
    year = {1994},
    volume = {17},
    pages = {17--275}
}

@article{Herceg2015ocam,
    author = {Herceg, M. and Jones, C. N. and Morari, M.},
    title = {Dominant speed factors of active set methods for fast MPC},
    journal = {Optimal Control Applications and Methods},
    volume = {36},
    number = {5},
    pages = {608--627},
    year = {2015},
}

@article{Gill1984tms,
 author = {Gill, Philip E. and Murray, Walter and Saunders, Michael A. and Wright, Margaret H.},
 title = {Procedures for Optimization Problems with a Mixture of Bounds and General Linear Constraints},
 journal = {ACM Trans. Math. Softw.},
 volume = {10},
 number = {3},
 month = aug,
 year = {1984},
 pages = {282--298},
 publisher = {ACM},
 address = {New York, NY, USA},
}

@ARTICLE{Liegeois1977tsmc,
    author={Li\'egeois, Alain},
    journal={Systems, Man and Cybernetics, IEEE Transactions on},
    title={Automatic Supervisory Control of the Configuration and Behavior of Multibody Mechanisms},
    year={1977},
    month={Dec},
    volume={7},
    number={12},
    pages={868-871},
}

@INPROCEEDINGS{Siciliano1991icar,
    author={B. Siciliano and J. J. E. Slotine},
    booktitle={Advanced Robotics, 1991. 'Robots in Unstructured Environments', 91 ICAR., Fifth International Conference on},
    title={A general framework for managing multiple tasks in highly redundant robotic systems},
    year={1991},
    pages={1211-1216 vol.2},
    keywords={kinematics;position control;redundancy;robots;Jacobian;functional constraint tasks;generic task;joint acceleration;joint velocity;kinematic redundancies;model-based controllers;redundant robotic systems;singularities;task priority strategy;Acceleration;Jacobian matrices;Kinematics;Laser beam cutting;Manipulators;Orbital robotics;Robots;Spraying;Velocity control;Welding},
    doi={10.1109/ICAR.1991.240390},
    month={June},
}

@INPROCEEDINGS{Vada1999ifac,
    author = {Jostein Vada and Olav Slupphaug and Bjarne A. Foss},
    title = {Infeasibility Handling In Linear Mpc Subject To Prioritized Constraints},
    booktitle = {In Preprints IFAC'99 14th World Congress},
    year = {1999},
    pages = {163--168}
}

@ARTICLE{Kanoun2011tro,
    author={Kanoun, O. and Lamiraux, F. and Wieber, P.-B.},
    journal={Robotics, IEEE Transactions on},
    title={Kinematic Control of Redundant Manipulators: Generalizing the Task-Priority Framework to Inequality Task},
    year={2011},
    month={Aug},
    volume={27},
    number={4},
    pages={785-792},
}

@ARTICLE{Mansard2009tro,
    author={N. Mansard and O. Khatib and A. Kheddar},
    journal={IEEE Transactions on Robotics},
    title={A Unified Approach to Integrate Unilateral Constraints in the Stack of Tasks},
    year={2009},
    volume={25},
    number={3},
    pages={670-685},
    month={June},
}

@article{deLasa2010trangraph,
    author = {de Lasa, Martin and Mordatch, Igor and Hertzmann, Aaron},
    title = {Feature-based Locomotion Controllers},
    journal = {ACM Trans. Graph.},
    issue_date = {July 2010},
    volume = {29},
    number = {4},
    month = jul,
    year = {2010},
    issn = {0730-0301},
    pages = {131:1--131:10},
    articleno = {131},
    numpages = {10},
    doi = {10.1145/1778765.1781157},
    acmid = {1781157},
    publisher = {ACM},
    address = {New York, NY, USA},
    keywords = {balancing, control, jumping, physics-based animation, walking},
}

@article{Deo1995jirs,
    author="Deo, Arati S. and Walker, Ian D.",
    title="Overview of damped least-squares methods for inverse kinematics of robot manipulators",
    journal="Journal of Intelligent and Robotic Systems",
    volume="14",
    number="1",
    pages="43--68",
    year = "1995",
}

@article{Dietrich2015ijrr,
    author = {Dietrich, Alexander and Ott, Christian and Albu-Schäffer, Alin},
    title = {An overview of null space projections for redundant, torque-controlled robots},
    year = {2015},
    journal = {The International Journal of Robotics Research}
}

@phdthesis{Sentis2007thesis,
    author = {Sentis, L.},
    school = {Stanford University},
    title = {Synthesis and control of whole-body behaviors in humanoid systems},
    year = {2007},
}

@INPROCEEDINGS{Mansard2012icra,
    author={N. Mansard},
    booktitle={Robotics and Automation (ICRA), 2012 IEEE International Conference on},
    title={A dedicated solver for fast operational-space inverse dynamics},
    year={2012},
    pages={4943-4949},
    month={May},
}

@INPROCEEDINGS{Escande2009iros,
    author={A. Escande and A. Kheddar},
    booktitle={Intelligent Robots and Systems, 2009. IROS 2009. IEEE/RSJ International Conference on},
    title={Contact planning for acyclic motion with tasks constraints},
    year={2009},
    pages={435-440},
    month={Oct},
}

@article{Dimitrov2014jrs,
 author     = {Dimitrov, Dimitar and Wieber, Pierre-Brice and Escande, Adrien},
 title      = {Multi-objective control of robots},
 journal    = {Journal of the Robotics Society of Japan},
 volume     = {32},
 number     = {6},
 pages      = {512--518},
 year       = 2014
}

@INPROCEEDINGS{Stasse2009Humanoids,
    author={O. Stasse and P. Evrard and N. Perrin and N. Mansard and A. Kheddar},
    booktitle={Humanoid Robots, 2009. Humanoids 2009. 9th IEEE-RAS International Conference on},
    title={Fast foot prints re-planning and motion generation during walking in physical human-humanoid interaction},
    year={2009},
    pages={284-289},
    month={Dec},
}

@techreport{Espiau1998report,
  TITLE = {{On the Computation and Control of the Mass Center of Articulated Chains}},
  AUTHOR = {Espiau, Bernard and Boulic, Ronan},
  URL = {\url{https://hal.inria.fr/inria-00073210}},
  NUMBER = {RR-3479},
  INSTITUTION = {{INRIA}},
  YEAR = {1998},
  MONTH = Aug,
}

@INPROCEEDINGS{Nishiwaki2011icra,
    author={K. Nishiwaki and S. Kagami},
    booktitle={Robotics and Automation (ICRA), 2011 IEEE International Conference on},
    title={Online design of torso height trajectories for walking patterns that takes future kinematic limits into consideration},
    year={2011},
    pages={2029-2034},
    month={May},
}

@INPROCEEDINGS{Feng2013humanoids,
    author={S. Feng and X. Xinjilefu and W. Huang and C. G. Atkeson},
    booktitle={Humanoid Robots (Humanoids), 2013 13th IEEE-RAS International Conference on},
    title={3D walking based on online optimization},
    year={2013},
    pages={21-27},
    month={Oct},
}

@unpublished{Agravante2016preprint,
  TITLE = {{Human-Humanoid Collaborative Carrying}},
  AUTHOR = {Agravante, Don Joven and Cherubini, Andrea and Sherikov, Alexander and Wieber, Pierre-Brice and Kheddar, Abderrahmane},
  URL = {\url{http://hal-lirmm.ccsd.cnrs.fr/lirmm-01311154}},
  NOTE = {working paper or preprint},
  YEAR = {2016},
  DOI = {10.1177/ToBeAssigned},
  KEYWORDS = {Physical Human-Robot Interaction ; Human and humanoid skills/interaction},
  PDF = {\url{http://hal-lirmm.ccsd.cnrs.fr/lirmm-01311154/file/2015-ijrr-agravante.pdf}},
  HAL_ID = {lirmm-01311154},
  HAL_VERSION = {v1},
}


@phdthesis{Agravante2015thesis,
    author = {Agravante, Don Joven},
    school = {University of Montpellier},
    title = {Human-humanoid collaborative object transportation},
    year = {2015},
}


@phdthesis{alHomsi2016thesis,
    author = {Saed Al Homsi},
    school = {Communauté Université Grenoble Alpes},
    title = {Online Generation of Time-Optimal Trajectories for Industrial Robots in Dynamic Environments},
    year = {2016},
}

@mastersthesis{Brasseur2015thesis,
  author = {Brasseur, C.},
  title = {Robust predictive control for a humanoid robot walking on stairs},
  school = {Joseph Fourier University},
  year = {2015},
}

@INPROCEEDINGS{Kaneko2011iros,
    author={K. Kaneko and F. Kanehiro and M. Morisawa and K. Akachi and G. Miyamori and A. Hayashi and N. Kanehira},
    booktitle={2011 IEEE/RSJ International Conference on Intelligent Robots and Systems},
    title={Humanoid robot HRP-4 - Humanoid robotics platform with lightweight and slim body},
    year={2011},
    pages={4400-4407},
    keywords={Linux;control engineering computing;humanoid robots;HRP-4 software system;Linux kernel;RT-Preempt patch;humanoid robot HRP-4;humanoid robotics platform;lightweight body;slim body;software platform OpenRTM;Gears;Humanoid robots;Joints;Legged locomotion;Servomotors;Wrist},
    doi={10.1109/IROS.2011.6094465},
    ISSN={2153-0858},
    month={Sept},
}

@incollection{Caccavale2008handbook,
    author="Caccavale, Fabrizio and Uchiyama, Masaru",
    editor="Siciliano, Bruno and Khatib, Oussama",
    title="Cooperative Manipulators",
    bookTitle="Springer Handbook of Robotics",
    year="2008",
    publisher="Springer Berlin Heidelberg",
    address="Berlin, Heidelberg",
    pages="701--718",
}

@incollection{Bicchi2008handbook,
    author="Bicchi, Antonio and Peshkin, Michael A. and Colgate, J. Edward",
    editor="Siciliano, Bruno and Khatib, Oussama",
    title="Safety for Physical Human--Robot Interaction",
    bookTitle="Springer Handbook of Robotics",
    year="2008",
    publisher="Springer Berlin Heidelberg",
    address="Berlin, Heidelberg",
    pages="1335--1348",
}

